@article{gentzen1969investigations,
  title={Investigations into logical deduction},
  author={Gentzen, Gerhard},
  journal={The collected papers of Gerhard Gentzen},
  pages={68--131},
  year={1969},
  publisher={North-Holland}
}

@article{simmons2014structural,
  title={Structural focalization},
  author={Simmons, Robert J},
  journal={ACM Transactions on Computational Logic (TOCL)},
  volume={15},
  number={3},
  pages={1--33},
  year={2014},
  publisher={ACM New York, NY, USA}
}

@article{andreoli1992logic,
  title={Logic programming with focusing proofs in linear logic},
  author={Andreoli, Jean-Marc},
  journal={Journal of logic and computation},
  volume={2},
  number={3},
  pages={297--347},
  year={1992},
  publisher={Dov Gabbay}
}

@article{girard1987linear,
  title={Linear logic},
  author={Girard, Jean-Yves},
  journal={Theoretical computer science},
  volume={50},
  number={1},
  pages={1--101},
  year={1987},
  publisher={Elsevier}
}

@article{levy2022,
author = {Levy, Paul Blain},
title = {Call-by-push-value},
year = {2022},
issue_date = {April 2022},
publisher = {Association for Computing Machinery},
address = {New York, NY, USA},
volume = {9},
number = {2},
url = {https://doi.org/10.1145/3537668.3537670},
doi = {10.1145/3537668.3537670},
abstract = {Call-by-push-value (CBPV) is a form of typed λ-calculus that plays a fundamental role in the study of computational effects. This article is intended to be an accessible introduction. I thank Mike Mislove and SIGLOG for inviting me to expound one of my favourite subjects.},
journal = {ACM SIGLOG News},
month = may,
pages = {7–29},
numpages = {23}
}
